@online{lord,
    title = {The Urgent Need for Memory Safety in Software Products},
    author = {Lord, Bob},
    url = {https://www.cisa.gov/news-events/news/urgent-need-memory-safety-software-products},
    year = {2023},
    month = {12},
    publisher = {Cybersecurity & Infrastructure Security Agency},
    urldate = {2025-03-24}
}

@article{seaborn,
    doi = {10.21105/joss.03021},
    url = {https://doi.org/10.21105/joss.03021},
    year = {2021},
    publisher = {The Open Journal},
    volume = {6},
    number = {60},
    pages = {3021},
    author = "{Waskom, M.L.}",
    title = {seaborn: statistical data visualization},
    journal = {Journal of Open Source Software}
}

@online{trolloc,
    url = {https://github.com/Elsklivet/trolloc},
    author = {Heinrichs, Gavin},
    title = {Trolloc},
    year = {2022},
    publisher = {Elsklivet},
    urldate = {2025-03-24}
}

@online{globalalloc,
    url = {https://doc.rust-lang.org/std/alloc/trait.GlobalAlloc.html},
    year = {2025},
    publisher = {The Rust Foundation},
    title = {GlobalAlloc in std::alloc},
    urldate = {2025-03-24}
}

@online{aslrwiki,
    url = {https://en.wikipedia.org/wiki/Address_space_layout_randomization},
    year = {2025},
    publisher = {Wikipedia},
    title = {Address space layout randomization},
    urldate = {2025-03-24}
}

@article{wyrand,
    title = {Modern Non-Cryptographic Hash Function and Pseudorandom Number Generator},
    author = {Wang, Yi and Romero, Diego Barrios and Lemire, Daniel and Jin, Li},
    url = {https://github.com/wangyi-fudan/wyhash/blob/master/Modern%20Non-Cryptographic%20Hash%20Function%20and%20Pseudorandom%20Number%20Generator.pdf},
    urldate = {2025-03-24},
    year = {2021}
}

@inproceedings{valgrind,
    title = {Valgrind: A Framework for Heavyweight Dynamic Binary Instrumentation},
    author = {Nethercote, Nathan and Seward, Julian},
    eventtitle = {ACM SIGPLAN 2007 Conference on Programming Language Design and Implementation},
    year = {2007},
    month = {6},
    location = {San Diego, California, USA}
}

@online{hyperfine,
    url = {https://github.com/sharkdp/hyperfine},
    title = {Hyperfine},
    author = {Peter, David},
}

@misc{branden,
    author = {Brown, Branden J}
}

@misc{madeup,
    title = {I made this up.}
}

@online{gdb,
    url = {https://www.sourceware.org/gdb/},
    title = {GDB: The GNU Project Debugger}
}

@online{lldb,
    url = {https://lldb.llvm.org/},
    title = {The LLDB Debugger}
}

@article{philopp,
    title = {Heap Allocation},
    url = {https://os.phil-opp.com/heap-allocation/},
    journal = {Philipp Oppermann's blog},
    urldate = {2025-03-24},
    author = {Oppermann, Philipp}
}
